
@inproceedings{bel,
  author    = {Victoria Bellotti and
               Sara Cambridge and
               Karen Hoy and
               Patrick C. Shih and
               Lisa Renery Handalian and
               Kyungsik Han and
               John M. Carroll},
  title     = {Towards community-centered support for peer-to-peer service exchange:
               rethinking the timebanking metaphor},
  booktitle = {{CHI} Conference on Human Factors in Computing Systems, CHI'14, Toronto,
               ON, Canada - April 26 - May 01, 2014},
  pages     = {2975--2984},
  year      = {2014},
  crossref  = {DBLP:conf/chi/2014},
  url       = {https://doi.org/10.1145/2556288.2557061},
  doi       = {10.1145/2556288.2557061},
  timestamp = {Tue, 01 Jun 2021 15:21:43 +0200},
  biburl    = {https://dblp.org/rec/conf/chi/BellottiCHSHHC14.bib},
  bibsource = {dblp computer science bibliography, https://dblp.org}
}


@inproceedings{khar,
  author    = {Ahmed Kharrufa and
               Serdar Abaci and
               Emeline Brul{\'{e}} and
               Petr Slov{\'{a}}k and
               Megan Venn{-}Wycherley and
               Daniel Lambton{-}Howard},
  title     = {Evaluation of emerging educational technologies in the classroom},
  booktitle = {Extended Abstracts Proceedings of the 19th {ACM} International Conference
               on Interaction Design and Children, {IDC} 2020, London, United Kingdom,
               June 17-24, 2020},
  pages     = {77--84},
  year      = {2020},
  crossref  = {DBLP:conf/acmidc/2020ea},
  url       = {https://doi.org/10.1145/3397617.3398065},
  doi       = {10.1145/3397617.3398065},
  timestamp = {Thu, 14 Oct 2021 10:20:19 +0200},
  biburl    = {https://dblp.org/rec/conf/acmidc/KharrufaABSVL20.bib},
  bibsource = {dblp computer science bibliography, https://dblp.org}
}


@inproceedings{car,
  author    = {John M. Carroll and
               Victoria Bellotti},
  title     = {Creating Value Together: The Emerging Design Space of Peer-to-Peer
               Currency and Exchange},
  booktitle = {Proceedings of the 18th {ACM} Conference on Computer Supported Cooperative
               Work {\&} Social Computing, {CSCW} 2015, Vancouver, BC, Canada,
               March 14 - 18, 2015},
  pages     = {1500--1510},
  year      = {2015},
  crossref  = {DBLP:conf/cscw/2015},
  url       = {https://doi.org/10.1145/2675133.2675270},
  doi       = {10.1145/2675133.2675270},
  timestamp = {Tue, 06 Nov 2018 16:57:12 +0100},
  biburl    = {https://dblp.org/rec/conf/cscw/CarrollB15.bib},
  bibsource = {dblp computer science bibliography, https://dblp.org}
}

@article{chen,
  title={Exploring blockchain technology and its potential applications for education},
  author={Chen, Guang and Xu, Bing and Lu, Manli and Chen, Nian-Shing},
  journal={Smart Learning Environments},
  volume={5},
  number={1},
  pages={1},
  year={2018},
  publisher={SpringerOpen}
}

@inproceedings{els,
  author    = {Chris Elsden and
               Arthi Manohar and
               Jo Briggs and
               Mike Harding and
               Chris Speed and
               John Vines},
  title     = {Making Sense of Blockchain Applications: {A} Typology for {HCI}},
  booktitle = {Proceedings of the 2018 {CHI} Conference on Human Factors in Computing
               Systems, {CHI} 2018, Montreal, QC, Canada, April 21-26, 2018},
  pages     = {458},
  year      = {2018},
  crossref  = {DBLP:conf/chi/2018},
  url       = {https://doi.org/10.1145/3173574.3174032},
  doi       = {10.1145/3173574.3174032},
  timestamp = {Fri, 09 Apr 2021 18:38:41 +0200},
  biburl    = {https://dblp.org/rec/conf/chi/ElsdenMBHSV18.bib},
  bibsource = {dblp computer science bibliography, https://dblp.org}
}


@inproceedings{fer,
  author    = {Jennifer Ferreira and
               Mark J. Perry and
               Sriram Subramanian},
  title     = {Spending Time with Money: From Shared Values to Social Connectivity},
  booktitle = {Proceedings of the 18th {ACM} Conference on Computer Supported Cooperative
               Work {\&} Social Computing, {CSCW} 2015, Vancouver, BC, Canada,
               March 14 - 18, 2015},
  pages     = {1222--1234},
  year      = {2015},
  crossref  = {DBLP:conf/cscw/2015},
  url       = {https://doi.org/10.1145/2675133.2675230},
  doi       = {10.1145/2675133.2675230},
  timestamp = {Fri, 27 Dec 2019 21:26:54 +0100},
  biburl    = {https://dblp.org/rec/conf/cscw/FerreiraPS15.bib},
  bibsource = {dblp computer science bibliography, https://dblp.org}
}

@inproceedings{gra,
  title={Blockchain for education: lifelong learning passport},
  author={Gr{\"a}ther, Wolfgang and Kolvenbach, Sabine and Ruland, Rudolf and Sch{\"u}tte, Julian and Torres, Christof and Wendland, Florian},
  booktitle={Proceedings of 1st ERCIM Blockchain Workshop 2018},
  year={2018},
  organization={European Society for Socially Embedded Technologies (EUSSET)}
}



@article{ian,
  title={The Truth About Blockchain Harvard Business Review},
  author={Iansiti, Marco and Lakhani, Karim R},
  journal={Harvard University, hbr. org/2017/01/the-truth-about-blockchain, accessed date: February},
  volume={2},
  pages={2019},
  year={2017}
}

@inproceedings{kay,
  author    = {Jofish Kaye and
               Janet Vertesi and
               Jennifer Ferreira and
               Barry A. T. Brown and
               Mark J. Perry},
  title     = {{\#}CHImoney: financial interactions, digital cash, capital exchange
               and mobile money},
  booktitle = {{CHI} Conference on Human Factors in Computing Systems, CHI'14, Toronto,
               ON, Canada - April 26 - May 01, 2014, Extended Abstracts},
  pages     = {111--114},
  year      = {2014},
  crossref  = {DBLP:conf/chi/2014a},
  url       = {https://doi.org/10.1145/2559206.2559221},
  doi       = {10.1145/2559206.2559221},
  timestamp = {Fri, 12 Mar 2021 15:27:48 +0100},
  biburl    = {https://dblp.org/rec/conf/chi/KayeVFBP14.bib},
  bibsource = {dblp computer science bibliography, https://dblp.org}
}

@inproceedings{lam,
  author    = {Airi Lampinen and
               Victoria Bellotti and
               Andr{\'{e}}s Monroy{-}Hern{\'{a}}ndez and
               Coye Cheshire and
               Alexandra Samuel},
  title     = {Studying the "Sharing Economy": Perspectives to Peer-to-Peer Exchange},
  booktitle = {18th {ACM} Conference on Computer Supported Cooperative Work {\&}
               Social Computing, {CSCW} 2015, Vancouver, BC, Canada, March 14-18,
               2015, Companion Volume},
  pages     = {117--121},
  year      = {2015},
  crossref  = {DBLP:conf/cscw/2015c},
  url       = {https://doi.org/10.1145/2685553.2699339},
  doi       = {10.1145/2685553.2699339},
  timestamp = {Thu, 14 Oct 2021 10:28:55 +0200},
  biburl    = {https://dblp.org/rec/conf/cscw/LampinenBMCS15.bib},
  bibsource = {dblp computer science bibliography, https://dblp.org}
}



@article{nak,
  title={Bitcoin: A peer-to-peer electronic cash system},
  author={Nakamoto, Satoshi},
  journal={Decentralized Business Review},
  pages={21260},
  year={2008}
}


@inproceedings{mil,
  author    = {David R. Millen and
               Claudio S. Pinhanez and
               Jofish Kaye and
               Silvia Cristina Sardela Bianchi and
               John Vines},
  title     = {Collaboration and Social Computing in Emerging Financial Services},
  booktitle = {18th {ACM} Conference on Computer Supported Cooperative Work {\&}
               Social Computing, {CSCW} 2015, Vancouver, BC, Canada, March 14-18,
               2015, Companion Volume},
  pages     = {309--312},
  year      = {2015},
  crossref  = {DBLP:conf/cscw/2015c},
  url       = {https://doi.org/10.1145/2685553.2685562},
  doi       = {10.1145/2685553.2685562},
  timestamp = {Tue, 06 Nov 2018 16:57:11 +0100},
  biburl    = {https://dblp.org/rec/conf/cscw/MillenPKBV15.bib},
  bibsource = {dblp computer science bibliography, https://dblp.org}
}

@article{nar,
  title={Bitcoin and cryptocurrency technologies},
  author={Narayanan, Arvind and Bonneau, Joseph and Felten, Edward and Miller, Andrew and Goldfeder, Steven},
  journal={Curso elaborado pela},
  year={2019}
}


@inproceedings{sharp1,
  title={The blockchain and kudos: A distributed system for educational record, reputation and reward},
  author={Sharples, Mike and Domingue, John},
  booktitle={European conference on technology enhanced learning},
  pages={490--496},
  year={2016},
  organization={Springer}
}





@book{sharp,
  title={Innovating pedagogy 2016: Open University innovation report 5},
  author={Sharples, Mike and de Roock, Roberto and Ferguson, Rebecca and Gaved, Mark and Herodotou, Christothea and Koh, Elizabeth and Kukulska-Hulme, Agnes and Looi, Chee-Kit and McAndrew, Patrick and Rienties, Bart and others},
  year={2016},
  publisher={Institute of Educational Technology, The Open University}
}


@inproceedings{shi,
  author    = {Patrick C. Shih and
               Victoria Bellotti and
               Kyungsik Han and
               John M. Carroll},
  title     = {Unequal Time for Unequal Value: Implications of Differing Motivations
               for Participation in Timebanking},
  booktitle = {Proceedings of the 33rd Annual {ACM} Conference on Human Factors in
               Computing Systems, {CHI} 2015, Seoul, Republic of Korea, April 18-23,
               2015},
  pages     = {1075--1084},
  year      = {2015},
  crossref  = {DBLP:conf/chi/2015},
  url       = {https://doi.org/10.1145/2702123.2702560},
  doi       = {10.1145/2702123.2702560},
  timestamp = {Fri, 12 Mar 2021 15:27:48 +0100},
  biburl    = {https://dblp.org/rec/conf/chi/ShihBHC15.bib},
  bibsource = {dblp computer science bibliography, https://dblp.org}
}

@INPROCEEDINGS{9459415,  author={Iqbal, Muhammad Zahid and Mangina, Eleni and Campbell, Abraham G.},  booktitle={2021 7th International Conference of the Immersive Learning Research Network (iLRN)},   title={Exploring the Real-Time Touchless Hand Interaction and Intelligent Agents in Augmented Reality Learning Applications},   year={2021},  volume={},  number={},  pages={1-8},  doi={10.23919/iLRN52045.2021.9459415}}

